4809 5234
116 1228 121 1233 ⁴
216 1149 254 1207 or
441 1145 482 1205 rr.
516 1145 640 1206 russi
670 1146 900 1209 eruerem

214 1301 412 1362 strumentis
446 1301 478 1361 iu
512 1302 701 1380 amplissimis
734 1302 897 1362 bonoribus
922 1302 1030 1362 summi
1056 1303 1122 1376 viri,

217 1397 250 1457 L
283 1398 413 1478 Philippi
436 1398 543 1476 vinici,
573 1399 676 1460 llorere
702 1400 855 1479 potuisset,
884 1420 978 1480 usque
1004 1419 1039 1460 eo
1062 1419 1121 1460 non

216 1495 276 1556 mit
302 1496 460 1576 populeris,
490 1503 525 1556 ut
552 1495 630 1558 bons
655 1497 736 1558 solus
761 1507 910 1560 eommot.
947 1497 1064 1559 Deinde
1084 1516 1120 1558 ex

1398 1141 1480 1204 l’reo
1501 1143 1534 1204 P.
1556 1142 1706 1207 sumo
1726 1147 1929 1226 orsrloss
1951 1151 2106 1210 liu-114
2161 1152 2201 1210 ut

1307 1321 1367 1362 nou
1380 1300 1521 1360 instituit
1562 1299 1621 1362 sod
1636 1300 1715 1362 lotus
1734 1302 1803 1363 odio
1824 1313 1855 1363 et
1873 1310 1985 1364 meoet
2006 1303 2050 1365 nsi
2067 1304 2202 1384 pobliese

1221 1458 1227 1473 ,
1307 1399 1432 1469 nomine,
1453 1416 1579 1476 qnorum
1599 1396 1651 1457 illo
1670 1398 1730 1458 utn'
1751 1399 1791 1459 sit
1809 1398 1956 1460 inimicior
1982 1401 2087 1478 neseio,
2114 1400 2201 1481 pluro

1226 1524 1231 1537 ·
1307 1497 1378 1569 dixi,
1406 1514 1495 1575 quom
1519 1495 1676 1558 dieendom
1702 1497 1770 1574 fois,
1798 1498 1830 1560 in
1857 1497 2082 1562 furiosissimum
2109 1508 2200 1582 utque

216 1595 334 1676 impuro
365 1596 553 1657 ululoseunto
581 1605 614 1658 et
647 1598 810 1678 potulento,
839 1606 1029 1678 postmqusm
1061 1617 1121 1658 rem
1212 1594 1217 1679 j
1306 1593 1525 1673 egentissimum
1548 1614 1719 1675 ganeonem.
1761 1595 1838 1658 llluo
1857 1605 2003 1660 revertor:
2030 1605 2134 1660 ooutro
2153 1617 2200 1660 me
2212 1591 2270 1662 112

1283 1708 1373 1753 soum
1392 1699 1438 1752 est
1458 1691 1551 1753 letum
1572 1699 1659 1773 eopte
1679 1694 1751 1781 urbe
1773 1701 1862 1776 etque
1889 1716 2035 1777 oppresso,
2059 1696 2199 1775 Gellium,

218 1704 370 1775 paternum
389 1696 427 1755 sb
447 1694 605 1755 idiotarum
625 1696 740 1757 divitiis
757 1697 795 1757 sd
813 1696 1052 1776 philosophorum
1076 1713 1150 1757 res

218 1793 313 1853 culum
345 1794 496 1873 perduxit,
518 1792 695 1855 Grseoulom
716 1813 748 1856 se
766 1802 856 1874 etque
875 1795 1000 1854 otiosum
1023 1792 1122 1873 pssteri

219 1891 322 1962 soluit,
354 1891 454 1951 studio
486 1892 651 1951 litterarum
680 1912 711 1952 se
738 1893 838 1952 subito
871 1891 993 1952 dedidit
1035 1890 1121 1950 Nihil

217 1987 369 2049 authent
380 2004 447 2049 eum
462 1989 565 2063 libelli,
579 2008 632 2068 pro
651 1989 723 2050 vino
740 1989 831 2050 etism
850 2008 937 2068 stepo
954 1988 1123 2068 oppignera-

219 2085 347 2162 bsutur3
367 2087 506 2146 msnebut
519 2087 713 2147 insaturabile
726 2087 881 2160 abdomen,
895 2086 996 2166 eopioe
1008 2086 1122 2145 delicie·

220 2183 303 2245 bunt.
339 2184 445 2263 Imque
472 2202 587 2262 semper
613 2184 788 2244 rersebutur
812 2185 845 2243 in
872 2205 923 2263 spe
950 2202 1047 2244 rerum
1075 2202 1125 2243 uo·
1140 2201 1164 2244 ie
1218 2172 1221 2177 ’

143 2344 152 2356 ‚
220 2301 342 2358 semitm
372 2283 435 2344 otio
458 2295 490 2343 ut
514 2283 732 2364 tranuilliwe
755 2284 796 2344 sui
817 2282 952 2364 pulslioue
974 2302 1124 2344 sormones

218 2383 309 2442 eoiret

283 2482 350 2541 hil.
394 2483 513 2562 qurise
539 2483 646 2543 seditio
668 2502 807 2562 umquem
832 2486 900 2559 luit,
926 2486 956 2544 in
982 2505 1041 2564 qun
1064 2503 1123 2543 non

222 2579 272 2639 ille
285 2579 443 2660 priueepsi
464 2582 548 2662 ecqui
564 2583 720 2643 ssslitiosus
737 2583 785 2643 oui
804 2583 854 2643 ille
872 2603 930 2642 non
952 2581 1125 2642 lomiliurisl

218 2694 326 2754 eoqnse
352 2678 525 2738 turbulente
555 2680 655 2740 eontio
677 2681 761 2740 ouius
785 2681 836 2740 ille
859 2700 918 2738 non
940 2678 1123 2738 suscitatori
1139 2695 1163 2736 se

218 2774 268 2833 eui
294 2774 368 2835 bene
395 2776 474 2836 dixit
500 2797 639 2858 umquem
668 2780 765 2840 bonol
800 2781 874 2840 bono
900 2779 999 2840 ‹lixitl
1032 2779 1123 2839 immo

217 2891 305 2950 quem
319 2871 427 2934 fortem
448 2889 479 2935 et
499 2877 607 2936 bouum
626 2877 719 2937 eivem
739 2897 799 2937 non
824 2876 1057 2956 petulssrtissimo
1076 2884 1123 2937 est

217 2968 398 3032 inmutetusl
431 2973 491 3051 qui,
520 2980 556 3032 ut
578 2975 673 3046 oredo,
696 2993 755 3033 non
781 2972 913 3034 libidinis
939 2993 1034 3046 muse,
1061 2973 1120 3047 sod,

138 3066 204 3130 ul
218 3074 255 3126 ut
274 3067 418 3146 plebieols
438 3069 599 3143 rideretur,
617 3070 786 3130 libertinam
804 3069 892 3130 duxit
912 3090 1041 3132 uxorem
1091 3071 1123 3130 Is

216 3163 256 3224 sle
274 3183 322 3224 me
349 3165 520 3245 suffrspium
542 3167 623 3242 tulit,
648 3168 673 3227 is
691 3167 796 3241 odsuit,
822 3167 848 3227 is
869 3167 1009 3227 intom'uit
1026 3166 1123 3246 epulis
1138 3188 1164 3228 m

218 3273 251 3324 et
276 3265 527 3343 gntulstionibus
544 3266 769 3346 parricidarum.
808 3267 845 3326 Iu
868 3285 928 3345 quo
950 3277 1049 3325 tomen
1076 3273 1124 3325 eet
1212 3315 1217 3324 .

218 3381 266 3420 me
293 3362 382 3438 ultus,
403 3383 469 3424 oum
493 3363 544 3424 illo
567 3383 618 3424 ore
640 3364 773 3424 inimioos
802 3372 848 3424 est
875 3383 955 3424 meos
975 3363 1121 3424 seriutue:

217 3458 270 3540 qui
296 3461 380 3542 qussi
408 3481 474 3522 mes
500 3462 589 3544 oulpo
615 3463 694 3525 bons
720 3462 889 3544 perdiderit,
914 3462 959 3523 ito
985 3462 1024 3524 ob
1057 3481 1120 3522 oum

219 3559 311 3638 ipssm
338 3579 455 3620 esuum
479 3569 526 3621 est
552 3561 626 3621 milri
653 3563 800 3636 inimicus,
831 3561 900 3640 quis
928 3560 1003 3621 nibil
1023 3559 1119 3620 hebet

221 3654 331 3717 Utrum
359 3677 413 3737 ogo
439 3658 495 3719 tibi
522 3658 733 3740 patrimonium
761 3660 866 3740 eripui,
899 3659 986 3736 Gelli,
1015 3678 1054 3720 un
1088 3666 1121 3720 tu
1138 3678 1163 3722 rr

216 3756 392 3818 winedistil
432 3760 512 3839 quid,
533 3767 568 3820 tu
590 3779 656 3821 meo
677 3761 814 3841 periculo,
832 3780 938 3840 gurges
959 3779 993 3820 so
1014 3778 1123 3838 vorago

217 3854 397 3933 patrimonii,
417 3858 594 3936 hollmbore,
610 3866 654 3934 ut,
669 3859 695 3919 si
708 3878 762 3940 ego
781 3859 883 3920 eonsul
898 3857 1124 3938 rempublicam

217 3960 323 4014 eoum
336 3965 367 4015 te
380 3963 412 4015 et
423 3957 550 4035 gregalis
570 3965 639 4018 tnue
654 3957 859 4030 defendissem,
874 3957 1043 4017 incivitate
1060 3974 1123 4016 esee

216 4071 265 4111 me
299 4051 412 4113 nollerl
441 4052 484 4115 Te
516 4073 602 4115 nemo
632 4062 752 4115 tuorum
786 4055 888 4114 ridere
922 4054 993 4126 volt,
1022 4072 1123 4114 omnes

85 4224 91 4231 ἡ
213 4143 340 4219 editum,
375 4166 549 4223 sermonem,
581 4169 767 4227 congressum
807 4161 905 4209 tuum·
921 4150 1059 4228 lugiunt5
1092 4155 1123 4206 te
1138 4166 1164 4206 m

215 4244 325 4303 sororis
345 4243 425 4304 filius
446 4245 626 4323 Postumius,
649 4247 821 4308 odulesoens
841 4248 940 4326 gravis
973 4246 1060 4307 senili
1080 4246 1122 4305 in·

214 4337 302 4411 dieio,
321 4342 448 4413 notovit,
468 4363 534 4402 oum
557 4342 589 4402 in
605 4363 714 4424 magno
727 4363 851 4404 numeru
872 4352 999 4404 tutorem
1022 4340 1122 4402 liburie
1215 4426 1220 4440 ..

1308 1789 1491 1865 Firmidium,
1516 1789 1640 1866 Titium,
1668 1792 1797 1855 eiusdem
1826 1795 1906 1856 modi
1933 1795 2027 1857 surius
2046 1796 2107 1858 illis
2127 1818 2201 1859 mer·

1305 1889 1448 1949 oemssriis
1467 1888 1605 1968 gregibus
1622 1890 1712 1951 ‹lueee
1732 1897 1764 1951 et
1780 1899 1914 1954 auotores
1933 1894 2032 1969 luisse,
2050 1915 2117 1955 oum
2136 1895 2200 1977 ipse

1306 1988 1381 2047 lutor
1400 1986 1475 2046 nihil
1498 1987 1538 2046 ub
1564 1986 1668 2048 horum
1698 1989 1892 2068 turpitudine,
1912 1991 2043 2068 oudam&
2064 1991 2199 2055 sordibus

1222 2098 1224 2103 ·
1304 2084 1480 2144 obhorreret
1519 2085 1561 2144 nt
1575 2103 1642 2145 oum
1656 2085 1693 2146 de
1706 2085 1852 2167 dignitate
1862 2107 1928 2149 mes
1940 2088 2098 2162 serebatur,
2112 2109 2199 2152 nomo

1270 2200 1294 2244 ro
1304 2182 1359 2244 sibi
1373 2202 1428 2244 neo
1441 2182 1621 2244 valetudinis
1638 2185 1856 2246 exeusationem
1876 2206 1930 2247 neo
1948 2188 2108 2250 seneotutis
2124 2189 2198 2251 sotir

1217 2284 1232 2333 1„
1304 2281 1412 2341 iustum
1432 2277 1551 2367 [ullum]
1574 2285 1711 2362 putavit3
1737 2305 1822 2346 nemo
1842 2284 1908 2358 fuit,
1929 2286 2033 2366 quise
2053 2308 2112 2349 non
2134 2309 2196 2350 rem

1304 2382 1449 2461 publicum
1470 2402 1583 2442 meeum
1605 2383 1693 2445 simul
1714 2404 1851 2444 rovoeom
1870 2386 1903 2444 in
1929 2405 1998 2446 sues
2020 2387 2104 2448 sedes
2123 2387 2198 2449 orbi·

1223 2514 1231 2571 ς,
1303 2485 1438 2538 tueretur.

1362 2576 1451 2636 LIII.
1494 2575 1657 2638 Vidmmus
1694 2597 1773 2638 nisum
1805 2579 1926 2640 eomitio
1959 2582 2194 2660 magistratuum.
2209 2583 2266 2647 ue

1268 2689 1292 2730 u
1303 2675 1373 2734 Fuit
1386 2675 1549 2754 oonlegium
1564 2695 1659 2755 nuper
1670 2676 1870 2751 tribunicium,
1882 2678 1912 2736 in
1924 2698 1984 2757 quo
1993 2688 2055 2740 tres
2066 2681 2195 2755 minime,

1227 2798 1232 2815 ι
1302 2771 1489 2831 veliementer
1515 2772 1574 2832 duo
1601 2772 1756 2852 populures
1782 2775 2037 2838 existimabuntur.
2081 2776 2129 2838 Ex
2147 2779 2194 2857 iis,

1300 2870 1350 2947 qui
1373 2868 1529 2948 populures
1549 2889 1611 2929 nou
1632 2869 1828 2946 habebuntur,
1841 2874 1949 2952 quibus
1968 2875 2001 2934 iu
2020 2874 2072 2935 illo
2088 2896 2195 2955 genere

1228 2998 1230 3007 =
1300 2969 1509 3028 conducturum
1523 2968 1693 3029 eontionum
1708 2971 1886 3031 oonsisteudi
1901 2979 2030 3050 potesta
2045 2994 2104 3034 noo
2121 2983 2193 3050 eret,

1300 3065 1359 3124 ‹luo
1370 3085 1390 3124 s
1403 3063 1511 3143 populo
1526 3065 1661 3125 Romano
1674 3077 1823 3144 praetores
1842 3066 1928 3129 video
1945 3090 2009 3130 esse
2026 3071 2134 3146 factm
2154 3081 2192 3150 et,

1265 3167 1442 3239 aquintum
1471 3161 1655 3222 sermonibus
1682 3162 1764 3241 vulgi
1792 3171 1824 3223 et
1850 3166 2194 3249 suffmgiisintellegore

1299 3259 1391 3338 potui
1407 3278 1477 3338 pree
1490 3279 1521 3320 se
1540 3260 1665 3339 populus
1679 3261 1832 3322 Romunus
1846 3261 1968 3338 forobut,
1982 3266 2039 3326 sibi
2057 3266 2143 3327 illum
2161 3268 2193 3329 in

1233 3412 1236 3423 ,
1300 3359 1452 3418 tribunatu
1467 3359 1521 3420 Gn.
1533 3359 1648 3421 Domiti
1659 3361 1791 3420 smmum
1801 3369 1986 3424 eonstsmtem
2000 3371 2032 3424 et
2044 3367 2192 3447 egregium

1298 3464 1329 3516 et
1349 3456 1385 3530 Q.
1406 3457 1540 3519 Anolseri
1560 3457 1648 3519 fidem
1669 3478 1703 3519 ue
1724 3458 1937 3535 tortitudinem,
1960 3462 2049 3522 etium
2070 3462 2096 3523 si
2117 3463 2193 3527 nihil

1232 3636 1234 3641 Ι
1298 3576 1382 3634 egum
1401 3556 1574 3635 potuissent,
1589 3567 1690 3618 tumen
1707 3558 1863 3619 voluntate
1880 3558 1945 3639 ipsu
1958 3569 2078 3639 grutum
2092 3563 2191 3624 lusisse.

1225 3710 1227 3715 .
1263 3677 1286 3719 ss
1299 3654 1361 3714 lum
1376 3654 1412 3714 do
1427 3653 1459 3716 0.
1476 3654 1591 3716 llunnio
1604 3676 1680 3736 quoe
1693 3656 1733 3718 sit
1742 3658 1932 3735 existimetio,
1944 3659 2093 3739 videmus3
2112 3661 2192 3743 quod

1224 3808 1226 3813 .
1297 3751 1438 3812 iudicium
1459 3753 1562 3832 populi
1583 3754 1713 3813 Romani
1736 3755 1769 3814 iu
1789 3755 1950 3816 honoribus
1970 3757 2034 3818 eius
2054 3757 2189 3821 futurum

1226 3878 1229 3915 ς
1297 3847 1343 3922 eit,
1364 3851 1474 3909 nornini
1491 3848 1615 3910 dubium
1634 3847 1696 3910 esse
1713 3851 1809 3911 debet
1853 3851 1951 3924 Quidl
1970 3855 2124 3934 populosus
2145 3857 2188 3918 illi
2203 3854 2261 3918 nl

1296 3944 1355 4003 duo
1367 3945 1438 4023 quid
1453 3947 1603 4023 egeruntl-
1628 3947 1727 4022 Alter,
1747 3948 1800 4026 qui
1821 3957 1919 4010 tumen
1939 3968 1971 4011 se
1990 3952 2187 4025 mutinum-ut,
2206 3979 2224 4005 ·

1223 4034 1232 4141 η’
1297 4038 1406 4098 tulemt
1432 4040 1515 4113 nihil,
1543 4047 1675 4101 senserat
1695 4048 1820 4102 ¹tuntum
1847 4043 1883 4102 de
1904 4063 1937 4103 re
1962 4046 2081 4124 publius
2106 4047 2188 4110 eliud

1260 4157 1285 4197 ro
1295 4142 1384 4214 utque
1397 4134 1532 4196 homines
1549 4138 1769 4215 exspectabant,
1785 4140 1832 4196 vir
1849 4146 1881 4198 et
1898 4140 1993 4201 bonus
2006 4148 2039 4201 et
2051 4142 2190 4204 inoooons

1296 4241 1327 4291 et
1345 4232 1429 4292 bonis
1445 4233 1520 4292 riris
1539 4251 1655 4312 sempor
1670 4235 1821 4312 probetne,
1836 4237 1914 4314 quod
1933 4257 2037 4317 psrum
2052 4238 2191 4304 videlieet

1296 4329 1442 4391 intellexit
1462 4331 1495 4390 in
1517 4331 1680 4408 tribimetu,
1699 4331 1772 4410 quid
1791 4350 1861 4393 vero
1877 4336 1987 4413 populo
2004 4337 2204 4411 prouentu,
