4809 5234
496 854 510 858 ->
537 847 1279 883 mm*

1698 886 2295 917 ——aa-Aaffl

181 1120 203 1181 ²
404 1120 447 1183 Π·
478 1119 605 1181 ΜΗ
632 1115 863 1182 010⁸R0N1⁸
1176 1092 1180 1194 l
1466 1130 1548 1193 rso
1569 1131 1603 1192 r.
1625 1129 1771 1194 sssrro
1791 1128 1945 1193 onemo
1963 1132 1993 1209 a
2012 1130 2090 1192 a-r
2204 1130 2232 1190 a

1326 1291 1464 1349 universa
1490 1286 1657 1348 dolorniono
1682 1285 1758 1348 nihil
1792 1308 1811 1348 a
1849 1307 1896 1349 me
1923 1288 2001 1368 qaod
2027 1287 2066 1347 ad
2092 1293 2221 1348 maan

179 1377 480 1443 maurmitate,
493 1381 593 1434 vestra
606 1374 873 1452 religionqveatris
882 1370 1079 1431 sentuutiiaso
1189 1364 1202 1432 'i
1301 1422 1303 1427 .
1326 1385 1535 1464 quaestionem,
1552 1386 1626 1444 nihil
1647 1385 1726 1464 quod
1745 1387 1783 1445 ad
1803 1405 1894 1460 reum,
1911 1384 1987 1445 nihil
2006 1385 2084 1464 quod
2103 1383 2142 1443 ad
2161 1402 2223 1443 rem

134 1492 156 1529 x
178 1474 572 1552 oqspsussurosarbitmntur.
607 1471 792 1552 Bgoautcm,
806 1473 926 1545 iudices,
937 1470 1079 1549 quoniam
1203 1443 1213 1514 l
1327 1481 1474 1561 publicam
1491 1482 1648 1560 pertineat,
1661 1483 1898 1562 praetermissum
1921 1501 1984 1542 ease
2007 1480 2161 1555 videatur3
2193 1488 2224 1539 et

1326 1580 1465 1657 quoniam
1484 1580 1516 1638 in
1531 1580 1711 1658 gravissimis
1730 1581 1911 1659 temporibus
1931 1578 2062 1640 civitatis
2081 1585 2171 1657 atque
2190 1577 2222 1636 in

177 1589 242 1649 qua
264 1588 334 1630 vocs
355 1570 430 1630 mihi
450 1572 484 1630 iu
500 1570 622 1649 agendis
640 1571 746 1649 gratiis
765 1567 1078 1644 commemorandoque

1299 1694 1313 1734 a
1328 1676 1423 1735 ruinis
1437 1695 1555 1737 eversae
1568 1684 1658 1754 atque
1670 1677 1805 1737 adflictae
1818 1677 1862 1737 rei
1875 1677 2008 1755 publicae
2020 1675 2055 1736 P.
2070 1675 2149 1735 Sesti
2174 1675 2223 1732 tri·

178 1687 294 1743 corum,
306 1669 361 1750 qui
378 1669 418 1729 de
435 1688 482 1729 me
500 1670 612 1748 optima
629 1667 731 1727 meriti
750 1678 831 1742 sunt,
853 1667 995 1728 benelioio
1015 1679 1104 1724 esses

1270 1838 1273 1843 ,
1328 1772 1457 1832 bonatus
1476 1781 1522 1833 est
1539 1794 1557 1832 a
1575 1773 1708 1833 Fortuna
1725 1774 1789 1853 ipsa
1817 1774 1983 1846 collocatus,
1998 1792 2058 1833 non
2071 1769 2224 1850 adgrediar

1327 1869 1365 1928 ad
1382 1870 1434 1929 illa
1447 1872 1577 1930 niaxima
1588 1879 1678 1948 atqua
1695 1871 1875 1950 amplissima
1893 1870 1976 1949 prius
1993 1888 2080 1948 quam
2099 1870 2225 1927 docuero

1328 1967 1436 2045 quibus
1452 1968 1547 2028 initiis
1564 1988 1599 2029 ao
1616 1969 1815 2028 fundamentis
1834 1968 1905 2029 baec
1924 1974 2025 2027 nnuc
2047 1967 2171 2027 summis
2192 1965 2225 2025 iu
2258 1970 2281 2020 >t

1328 2067 1415 2126 iabus
1428 2066 1530 2127 laudes
1542 2068 1687 2128 excitatae
1701 2066 1769 2127 siut.

179 1275 309 1352 facibus,
321 1295 395 1356 qnos
409 1279 438 1334 si
453 1295 544 1335 manu
554 1275 647 1355 copiis
656 1274 754 1335 delere
767 1293 828 1334 nou
843 1279 1015 1354 potuerunt,
1026 1270 1079 1331 bos
1175 1208 1186 1366 i

178 1767 326 1827 utendum
336 1767 487 1846 puhbarn,
496 1785 533 1827 ea
543 1785 623 1826 nuuc
631 1765 678 1825 uti
688 1785 776 1844 cogor
785 1765 818 1824 iu
828 1783 929 1825 eorum
941 1761 1078 1842 periculis

177 1867 370 1946 depellendis,
384 1866 422 1926 iis
439 1866 625 1945 potissimum
647 1883 706 1925 vox
728 1864 799 1924 hacc
815 1863 937 1936 servm,
951 1878 1077 1939 quorum

177 1985 270 2047 opera
282 1973 314 2027 et
326 1965 401 2026 milri
413 1972 445 2025 et
458 1964 541 2025 vobio
553 1971 585 2024 et
599 1964 708 2043 populo
720 1963 856 2023 &manc
869 1961 1010 2022 restituta
1023 1966 1075 2020 cat

143 2071 183 2149 8·
241 2063 287 2125 ΙΙ.
321 2064 364 2125 Et
374 2082 553 2143 quamquam
566 2083 586 2122 a
598 2062 634 2135 Q.
647 2061 820 2138 Hortensio,
835 2058 998 2121 clarissimo
1011 2057 1077 2116 viro

176 2169 271 2241 ot<1¹¹⁶
282 2161 530 2239 anscauso,
541 2180 629 2221 cusa
641 2160 732 2221 eser.
744 2160 822 2221 een
835 2165 973 2238 prona
986 2155 1076 2215 ιιιιιι.
1089 2165 1116 2208 a

91 2296 97 2305 .
153 2258 589 2339 ‘quoabeopraetermissum
603 2265 658 2334 est,
673 2258 753 2339 quod
766 2264 821 2318 aut
838 2276 893 2337 pro
908 2252 1077 2334 republica
1178 2284 1181 2295 .

175 2357 417 2438 conquerendam
437 2357 499 2418 ruit
516 2365 570 2420 aut
590 2378 644 2440 pro
664 2377 715 2419 rao
734 2353 958 2437 disputandum,
975 2360 1076 2413 tamen

174 2457 335 2536 adgrediar
345 2459 384 2517 ad
397 2458 563 2532 dicendam,
578 2478 616 2519 ne
629 2478 695 2518 mea
709 2455 906 2536 propugnatio
919 2454 948 2513 ai
961 2451 1077 2531 potissi·

175 2574 262 2615 mum
281 2554 410 2616 defuisse
428 2557 574 2630 videatur,
596 2576 650 2636 per
670 2576 758 2636 quom
779 2563 826 2615 est
845 2553 1016 2633 perlectum.
1038 2569 1076 2611 ne

173 2654 284 2715 octaris
295 2654 412 2715 civibus
424 2656 546 2715 deesset.
589 2658 694 2733 Atque
707 2673 761 2732 ego
774 2653 817 2713 sio
829 2659 939 2725 statuo,
954 2649 1074 2723 iudices,
1089 2670 1114 2713 ιι

173 2772 197 2812 a
218 2772 265 2812 me
284 2754 318 2813 in
338 2753 393 2813 bac
412 2773 502 2813 causa
520 2759 612 2833 atque
631 2753 688 2813 hoo
711 2760 846 2812 extremo
872 2748 991 2811 dicandi
1011 2748 1076 2809 loeo

174 2849 300 2931 pietatis
319 2852 417 2930 potius
435 2871 526 2931 quam
546 2851 734 2925 defensionis,
748 2849 896 2930 querellae
911 2867 1001 2929 quam
1019 2849 1076 2908 olo·

173 2946 325 3027 quentiae.
349 2946 459 3008 doloris
478 2967 568 3027 quam
589 2948 702 3028 ingenii
722 2947 813 3027 partis
832 2966 896 3006 esse
914 2952 1073 3023 susceptaa

138 3044 295 3122 utaque,
308 3042 335 3103 ai
347 3050 404 3104 aut
414 3045 511 3105 aoriuu
523 3063 610 3124 egero
622 3052 677 3106 aut
689 3045 821 3116 liberius,
835 3062 924 3122 quam
938 3043 990 3121 qui
1003 3049 1075 3102 auus
1200 3084 1202 3089 -

172 3158 226 3199 aas
243 3140 395 3216 dixerunt,
416 3147 486 3220 peto
504 3159 525 3201 a
544 3141 629 3202 robis
648 3149 684 3201 ut
703 3147 823 3202 tantum
843 3138 971 3200 orationi
991 3157 1074 3198 messe
1087 3158 1113 3202 a)

172 3236 353 3310 uocemue
366 3247 512 3317 quautam
525 3245 559 3298 et
575 3238 625 3319 pio
637 3239 731 3299 dolori
750 3245 781 3298 et
795 3239 891 3298 iustae
904 3236 1075 3297 iracundiae

172 3334 395 3397 wuoedeadum
408 3338 530 3416 potatis.
571 3336 604 3396 N
604 3357 652 3396 am
671 3354 768 3415 neque
781 3335 875 3397 officio
888 3334 1075 3395 coniunctior

172 3433 261 3496 dolor
280 3433 360 3494 ullus
378 3454 441 3496 esse
460 3442 560 3515 potest
579 3453 668 3515 quam
690 3435 739 3495 bio
758 3454 843 3495 meus
862 3443 1016 3515 susceptus
1035 3454 1073 3494 ex

172 3532 305 3593 bomirds
317 3531 353 3592 ds
367 3551 415 3593 me
428 3534 540 3613 optime
553 3533 652 3593 meriti
666 3532 805 3611 periendo,
815 3533 1075 3612 nequeirucuadia

173 3632 270 3711 magis
282 3631 346 3691 ulla
364 3630 514 3691 laudanda
526 3639 572 3692 est
583 3651 673 3713 quam
692 3652 757 3693 mea
775 3633 959 3694 inflammata
971 3653 1073 3694 corum
1085 3654 1111 3698 ar

172 3731 291 3806 uterq
312 3730 366 3808 qui
391 3750 459 3790 cum
479 3732 618 3791 omnibus
641 3749 722 3791 meae
742 3731 849 3791 salutis
869 3731 1073 3793 defemoribus

137 3829 286 3898 obulum
299 3848 362 3890 essa
375 3829 433 3889 sibi
445 3829 607 3909 gerendum
620 3829 835 3890 iudicaverunt
861 3829 920 3891 Sed
932 3833 1073 3911 quoniam

171 3928 301 4008 singulis
318 3928 493 3989 criminibus
512 3930 605 3990 ceteri
618 3930 772 4010 responde:
780 3936 844 4002 unt,
859 3929 954 3990 dicam
967 3950 1022 4012 ego
1034 3930 1073 3992 de

171 4028 260 4116 omni
275 4036 358 4087 stata
377 4026 411 4089 P.
433 4028 521 4100 Sesti,
543 4029 581 4088 de
600 4049 707 4108 genere
727 4029 816 4104 vitae,
838 4028 875 4089 da
895 4036 1010 4104 natura,
1035 4031 1073 4093 de

171 4126 314 4201 moribus,
328 4125 366 4185 do
378 4126 546 4186 incredibili
558 4145 658 4186 amora
671 4126 705 4185 iu
722 4127 824 4199 bonos,
838 4126 875 4185 de
883 4125 994 4185 'studio
1007 4146 1074 4187 con·
1084 4154 1110 4195 ω

170 4224 337 4287 mandas
349 4225 456 4286 ulum
469 4226 635 4286 communis
647 4233 739 4304 atque
752 4224 808 4283 otii
826 4225 1070 4303 contendamquo,

169 4320 1109 4403 dmodoidooasequipoteromtinhaooonlusaatquo.

1289 2183 1314 2224 ro
1387 2165 1448 2225 IIL
1490 2164 1617 2225 Parente
1631 2166 1663 2224 P.
1680 2165 1794 2224 Sestius
1807 2169 1956 2238 natusest
1970 2160 2089 2234 iudices,
2098 2160 2224 2236 homine,
2239 2162 2258 2222 t

1329 2271 1364 2321 ut
1376 2263 1507 2342 plerique
1521 2262 1703 2337 meministis,
1718 2275 1749 2321 et
1762 2261 1894 2341 sapiente
1907 2268 1938 2320 st
1950 2267 2051 2320 aneu
2064 2269 2095 2320 et
2106 2278 2224 2319 savaro:

1328 2360 1380 2440 qui
1392 2380 1461 2422 oum
1470 2361 1608 2422 tribunus
1621 2360 1715 2441 plebis
1728 2359 1840 2440 primus
1850 2359 1929 2419 inter
1938 2358 2071 2419 homines
2080 2356 2224 2418 nobilissi-
2263 2443 2265 2446 Ι

1329 2481 1391 2521 mos
1404 2462 1584 2539 temporibus
1597 2461 1716 2539 optimis
1729 2460 1824 2519 sactus
1836 2465 1919 2531 esset,
1931 2457 2052 2536 reliquis
2065 2456 2225 2518 honoribus

1329 2577 1390 2618 non
1409 2567 1470 2618 tam
1489 2560 1536 2617 uti
1556 2559 1651 2618 voluit
1668 2577 1754 2636 quam
1773 2557 1880 2635 dignus
1899 2556 2000 2616 videri.
2044 2554 2088 2614 Ec
2106 2562 2226 2613 auctore

1290 2675 1314 2717 ιι
1327 2657 1417 2716 duxit
1439 2656 1636 2716 honestissimi
1663 2665 1696 2716 et
1721 2653 1927 2734 speciosissimi
1953 2651 2019 2725 viri,
2048 2652 2081 2714 0.
2109 2651 2225 2725 Albini,

1329 2754 1430 2828 filiam,
1444 2773 1481 2813 ex
1495 2773 1553 2832 qua
1566 2754 1615 2813 hio
1627 2761 1672 2814 ost
1685 2771 1760 2833 puer
1772 2759 1803 2812 et
1816 2759 1909 2830 nupta
1921 2751 1980 2810 iam
1994 2748 2062 2809 tilia
2103 2747 2225 2807 Duobus

1329 2850 1377 2910 nis
1391 2850 1580 2929 gravimimae
1595 2849 1782 2928 antiquitatis
1799 2847 1872 2908 viris
1889 2847 1932 2907 sio
1950 2845 2090 2926 probatus
2107 2843 2173 2920 fuit,
2191 2852 2227 2904 ut

1330 2950 1448 3028 utrique
1468 2969 1568 3009 eorum
1592 2955 1624 3008 et
1649 2968 1734 3008 carus
1759 2946 1886 3007 maxime
1912 2951 1943 3005 et
1969 2942 2115 3005 iucundus
2139 2950 2223 3005 esset

1329 3048 1453 3108 Ademit
1465 3047 1578 3107 Albino
1590 3047 1683 3106 soceri
1697 3065 1804 3105 noussen
1818 3064 1895 3104 mors
1908 3043 1995 3115 filiae,
2007 3042 2059 3103 sed
2072 3041 2225 3103 canutam

1290 3164 1316 3204 so
1329 3144 1409 3203 illius
1439 3143 1664 3204 necessitudinis
1695 3149 1727 3202 et
1757 3139 1992 3201 benevolentiam
2018 3157 2079 3198 non
2104 3138 2222 3199 demit.

1332 3240 1431 3300 Hadia
1447 3240 1490 3300 sic
1507 3241 1587 3300 huno
1599 3239 1707 3319 diligit,
1721 3245 1757 3297 ut
1769 3259 1821 3298 vos
1834 3237 1971 3298 facillime
1984 3236 2107 3316 p'otestis
2119 3255 2158 3296 ax
2170 3236 2225 3299 hac

1331 3337 1378 3396 rel
1394 3337 1572 3397 adsiduitate
1589 3336 1653 3396 eius
1672 3335 1721 3395 vol
1739 3334 1937 3395 sollicitudine
1956 3341 1987 3394 et
2005 3333 2139 3394 molestia
2151 3335 2225 3395 iudi·

1330 3454 1402 3495 cara
1455 3435 1553 3494 Duxit
1573 3431 1679 3493 iterum
1706 3452 1829 3493 uxorem
1855 3440 1940 3511 patre
1967 3432 2036 3492 vivo
2062 3431 2168 3511 optimi
2193 3433 2256 3496 ot?

1330 3532 1573 3594 calamitosissimi
1591 3533 1649 3592 viri
1667 3532 1767 3608 lilium,
1782 3531 1815 3592 1.
1831 3532 1982 3610 Scipionis
2025 3531 2113 3594 Clara
2126 3531 2158 3591 in
2170 3529 2225 3592 boo

1291 3649 1315 3692 a
1331 3631 1364 3690 P.
1387 3630 1466 3692 Sesti
1499 3631 1593 3709 pictos
1616 3631 1733 3690 exstitit
1756 3638 1787 3690 et
1812 3631 1948 3689 omuibus
1974 3638 2067 3708 grata,
2089 3629 2168 3709 quod
2193 3637 2226 3690 st

1331 3729 1494 3791 Massiliam
1521 3729 1622 3790 statim
1649 3728 1797 3809 proiectus
1822 3736 1876 3804 est,
1904 3737 1940 3788 ut
1965 3748 2095 3789 socerum
2124 3727 2225 3790 videm

1330 3828 1530 3907 consolarique
1554 3833 1651 3905 posset
1675 3827 1813 3887 fluctibus
1836 3827 2035 3906 reipublicae
2061 3827 2224 3906 exprdsum‚

1330 3927 1363 3986 iu
1381 3926 1485 3986 alienis
1503 3926 1591 3991 terris
1609 3926 1761 3999 aarum,
1782 3945 1868 4004 quem
1887 3926 1921 3984 in
1940 3924 2083 3985 maiorum
2106 3945 2224 3986 suorum

1331 4025 1463 4104 vestigia
1484 4033 1563 4083 stare
1585 4023 1747 4102 oportebat,
1771 4023 1861 4083 etad
1884 4043 1952 4084 eum
1970 4023 2065 4109 ¹filiam
2078 4025 2157 4083 ‘eius
2175 4025 2225 4085 ad·

1290 4141 1315 4182 n
1330 4122 1426 4196 duxit,
1447 4127 1483 4181 ut
1500 4121 1553 4180 ille'
1570 4121 1719 4198 inspenato
1741 4128 1859 4199 aspectu
1882 4120 2093 4201 complexuque
2115 4123 2141 4182 si
2164 4142 2225 4183 uon

1288 4280 1292 4287 ,
1329 4239 1453 4292 omnem,
1472 4226 1506 4277 at
1522 4218 1651 4297 aliquam
1668 4224 1782 4296 panem
1799 4217 1938 4277 maeroris
1954 4219 2002 4278 sui
2014 4218 2181 4297 deponeret,
2194 4227 2225 4279 st

1331 4314 1467 4374 maximis
1484 4323 1637 4394 praeterea
1653 4314 1842 4393 adsiduisque
1856 4314 1956 4375 officiis
1972 4325 2004 4375 et
2021 4313 2102 4374 illius
2114 4334 2225 4375 aarum·

2068 4438 2145 4496 1-2
